<?xml version="1.0" encoding="UTF-8"?><collection xmlns="http://www.loc.gov/MARC21/slim"><record><leader>00405nam--2200133-i-4500</leader><controlfield tag="001">000033548</controlfield><controlfield tag="002">20161230</controlfield><controlfield tag="005">20161230201039</controlfield><controlfield tag="008">060222s1000------------r-----000-0-eng-d</controlfield><datafield ind1=" " ind2=" " tag="100"><subfield code="a">Meyersberg, G</subfield></datafield><datafield ind1=" " ind2=" " tag="245"><subfield code="a">Grosseneifluss und randeinfluss auf die festigkeit der werkstoffe</subfield></datafield><datafield ind1=" " ind2=" " tag="260"><subfield code="a">Goteborg, Elanders Boktryckeri Aktiebolag, 1952. 123p</subfield></datafield><datafield ind1=" " ind2=" " tag="490"><subfield code="a">Kungl.Tekniska Hogskolans Handlingar</subfield></datafield><datafield ind1=" " ind2=" " tag="852"><subfield code="a">1624</subfield></datafield></record></collection>